@unpublished{spacy2,
    AUTHOR = {Honnibal, Matthew and Montani, Ines},
    TITLE  = {{spaCy 2}: Natural language understanding with {B}loom embeddings, convolutional neural networks and incremental parsing},
    YEAR   = {2017},
    Note   = {spacy.io}
}

@misc{insee.fr,
    author = {Insee},
    title  = {Le site de l'Insee},
    note   = {insee.fr/fr/accueil}
}

@misc{rdf.insee.fr,
    author = {Insee},
    title  = {Portail RDF des métadonnés de l'Insee},
    note   = {rdf.insee.fr}
}

@misc{unesco,
    author = {Unesco},
    title  = {Portail RDF des métadonnés de l'Unesco},
    note   = {vocabularies.unesco.org/browser/thesaurus/en}
}

@misc{bnf,
    author = {Bibliothèque national de France},
    title  = {Portail des métadonnés de la BnF},
    note   = {data.bnf.fr/current/sparql.html}
}

@misc{europeana-rdf,
    author = {Europeana},
    title  = {Portail des métadonnés d'Europeana},
    note   = {pro.europeana.eu/page/linked-open-data}
}

@misc{ambiverse-nlu,
    author = {Institut Max Planck},
    title  = {Démonstration d'Ambierse NLU},
    year   = {2018},
    note   = {ambiversenlu.mpi-inf.mpg.de}
}

@article{chiu-nichols,
    author  = {Jason P.C. Chiu, Eric Nichols},
    title   = {Named Entity Recognition with Bidirectional LSTM-CNNs},
    year    = {2016},
    notes   = {www.aclweb.org/anthology/Q16-1026}
}

@article{lampe-al,
    author  = {Guillaume Lample, Miguel Ballesteros,
Sandeep Subramanian, Kazuya Kawakami, Chris Dyer},
    title   = {Neural Architectures for Named Entity Recognition},
    year    = {2016},
    notes   = {www.aclweb.org/anthology/N16-1030}
}

@misc{gitlab,
    title   = {GitLab},
    note    = {about.gitlab.com/}
}

@misc{minio,
    title   = {Minio},
    note    = {min.io/}
}

@misc{keycloak,
    title   = {Keycloak},
    note    = {www.keycloak.org/}
}

@misc{vault,
    title   = {Vault},
    note    = {www.vaultproject.io/}
}

@misc{nexus,
    title   = {Nexus},
    note    = {fr.sonatype.com/nexus-repository-sonatype}
}

@misc{rocketchat,
    title   = {RocketChat},
    note    = {rocket.chat/}
}

@misc{humhub,
    title   = {Humhub},
    note    = {humhub.org}
}

@misc{corenlp-doc,
    title   = {Stanford CoreNLP documentation},
    author  = {Stanford NLP},
    note    = {stanfordnlp.github.io/CoreNLP/}
}

@misc{iramuteq,
    title   = {Dictionnaire de lemmes issue du projet Iramuteq},
    author  = {Europeana},
    note    = {www.iramuteq.org/}
}

@misc{spacy-figures,
    title   = {SpaCy documentation},
    note    = {spacy.io/usage/facts-figures}
}

@misc{corenlp-tokensreg,
    title   = {Core NLP - Tokensregex Annotator},
    note    = {stanfordnlp.github.io/CoreNLP/tokensregex.html}
}

@misc{spacy-ruler,
    title   = {SpaCy - Rule Based Matching},
    note    = {spacy.io/usage/rule-based-matching}
}

@misc{corenlp-lang,
    title   = {Core NLP - Supported Languages},
    note    = {stanfordnlp.github.io/CoreNLP/human-languages.html}
}

@misc{corenlp-repo,
    title   = {Core NLP - Source code repository},
    note    = {github.com/stanfordnlp/CoreNLP}
}

@misc{spacy-repo,
    title   = {SpaCy - Source code repository},
    note    = {github.com/explosion/spaCy}
}

@misc{spacy-lang,
    title   = {SpaCy - Supported Languages},
    note    = {spacy.io/usage/models}
}

@misc{europeana-ner,
    title   = {Named Entity Recognition models},
    author  = {Europeana},
    note    = {lab.kbresearch.nl/static/html/eunews.html}
}

@misc{spacy-issue,
    title   = {SpaCy - Issue : Make Doc.to\_json function include Span \& Token custom attribute},
    note    = {github.com/explosion/spaCy/issues/3987}
}

@misc{displacy,
    title   = {SpaCy - Visualizing the entity recognizer},
    note    = {spacy.io/usage/visualizers\#ent}
}

@misc{flask,
    title   = {Flask},
    note    = {github.com/pallets/flask}
}

@misc{stackoverflow-javascript,
    title   = {The Brutal Lifecycle of JavaScript Frameworks},
    author  = {Ian Allen},
    note    = {https://stackoverflow.blog/2018/01/11/brutal-lifecycle-javascript-frameworks/}
}

@misc{react,
    title   = {React Documentation},
    note    = {fr.reactjs.org/docs/getting-started.html}
}

@misc{entity-linking,
    title   = {What should be entity linking ?},
    author  = {Henry Rosales-M´endez, Barbara Poblete, Aidan Hogan},
    note    = {aidanhogan.com/docs/entity-linking-link.pdf}
}
